01REMESSA01COBRANCA       2643103361110000177                               748SICREDI        20220121        0001666                                                                                                                                                                                                                                                                                 2.00000001
1AAA            AAA                            222495613      20220121 N B0000    00000000000200            0100000495610702220000000150000         KS210122000000000000000003101220000000075000000000000000000000000000001000081279655020DENISE FINAMOR FROTA SALDANHA DE FREITASBALBINA DE MATOS                        00000000000 7982490000000                                                       000002
1AAA            AAA                            222495648      20220121 N B0101    00000000000200            0100000495640102220000000150000         KS210122000000000000000002501220000000060000000000000000000000000000001000050619896191EDNA LINO GONCALVES                     MONTE CASTELO                           00000000000 7982490000000                                                       000003
9174826431                                                                                                                                                                                                                                                                                                                                                                                                000004
