01REMESSA01COBRANCA       2643103361110000177                               748SICREDI        20220429        0001831                                                                                                                                                                                                                                                                                 2.00000001
1AAA            AAB                            222578608      20220429 N B0000    00000000000200            0100000578601105220000000113000         KS290422000000000000001000405220000000033900000000000000000000000000001000077119045172JOELMA MELO DE CASTRO CHIBENI           ITALIA                                  00000000000 7982490000000                                                       000002
1AAA            AAB                            222578616      20220429 N B0311    00000000000200            0100000578611105220000000113000         KS290422000000000000001000405220000000033900000000000000000000000000001000077119045172JOELMA MELO DE CASTRO CHIBENI           ITALIA                                  00000000000 7982490000000                                                       000003
9174826431                                                                                                                                                                                                                                                                                                                                                                                                000004
