01REMESSA01COBRANCA       2643103361110000177                               748Sicredi        20160603        0000034                                                                                                                                                                                                                                                                                 2.00000001
1AAA            ABB                            162023702      20160603 N B0000    00000006630002            0100000023702802160000000006864         KS300516000000000000000012802160000000000005000000000000000000000001231000038559919104AFONSO FREITAS CENTURION                ANDRÉ LUIZ BRANDÃO                      00000000000 7983505000000                                                       000002
1AAA            ABB                            162023710      20160603 N B0211    00000006630002            0100000023713003160000000006864         KS300516000000000000000013003160000000000005000000000000000000000001231000038559919104AFONSO FREITAS CENTURION                ANDRÉ LUIZ BRANDÃO                      00000000000 7983505000000                                                       000003
1AAA            ABB                            162023729      20160603 N B0311    00000006630002            0100000023723004160000000006864         KS300516000000000000000013004160000000000005000000000000000000000001231000038559919104AFONSO FREITAS CENTURION                ANDRÉ LUIZ BRANDÃO                      00000000000 7983505000000                                                       000004
1AAA            ABB                            162023737      20160603 N B0411    00000006630002            0100000023733005160000000006864         KS300516000000000000000013005160000000000005000000000000000000000001231000038559919104AFONSO FREITAS CENTURION                ANDRÉ LUIZ BRANDÃO                      00000000000 7983505000000                                                       000005
1AAA            ABB                            162023745      20160603 N B0511    00000006630002            0100000023743006160000000006864         KS300516000000000000000013006160000000000005000000000000000000000001231000038559919104AFONSO FREITAS CENTURION                ANDRÉ LUIZ BRANDÃO                      00000000000 7983505000000                                                       000006
1AAA            ABB                            162023753      20160603 N B0611    00000006630002            0100000023753007160000000006864         KS300516000000000000000013007160000000000005000000000000000000000001231000038559919104AFONSO FREITAS CENTURION                ANDRÉ LUIZ BRANDÃO                      00000000000 7983505000000                                                       000007
1AAA            ABB                            162023761      20160603 N B0711    00000006630002            0100000023763008160000000006864         KS300516000000000000000013008160000000000005000000000000000000000001231000038559919104AFONSO FREITAS CENTURION                ANDRÉ LUIZ BRANDÃO                      00000000000 7983505000000                                                       000008
1AAA            ABB                            162023770      20160603 N B0811    00000006630002            0100000023773009160000000006864         KS300516000000000000000013009160000000000005000000000000000000000001231000038559919104AFONSO FREITAS CENTURION                ANDRÉ LUIZ BRANDÃO                      00000000000 7983505000000                                                       000009
1AAA            ABB                            162023788      20160603 N B0911    00000006630002            0100000023783010160000000006864         KS300516000000000000000013010160000000000005000000000000000000000001231000038559919104AFONSO FREITAS CENTURION                ANDRÉ LUIZ BRANDÃO                      00000000000 7983505000000                                                       000010
1AAA            ABB                            162023796      20160603 N B1011    00000004680002            0100000023793011160000000004914         KS300516000000000000000013011160000000000005000000000000000000000001231000038559919104AFONSO FREITAS CENTURION                ANDRÉ LUIZ BRANDÃO                      00000000000 7983505000000                                                       000011
9174826431                                                                                                                                                                                                                                                                                                                                                                                                000012
