01REMESSA01COBRANCA       2643103361110000177                               748SICREDI        20220216        0001725                                                                                                                                                                                                                                                                                 2.00000001
1AAA            AAA                            222573525      20220216 N B0000    00000000000200            0100000573522802220000000150000         KS160222000000000001275002202220000000022500000000000000000000000000001000063662248115ELILIAN BOMFIM DE OLIVEIRA JUNQUEIRA FRARESEDA                                  00000000000 7982490000000                                                       000002
1AAA            AAA                            222573533      20220216 N B0112    00000000000200            0100000573533103220000000150000         KS160222000000000001275001003220000000022500000000000000000000000000001000063662248115ELILIAN BOMFIM DE OLIVEIRA JUNQUEIRA FRARESEDA                                  00000000000 7982490000000                                                       000003
1AAA            AAA                            222573541      20220216 N B0212    00000000000200            0100000573543004220000000150000         KS160222000000000001275001004220000000022500000000000000000000000000001000063662248115ELILIAN BOMFIM DE OLIVEIRA JUNQUEIRA FRARESEDA                                  00000000000 7982490000000                                                       000004
1AAA            AAA                            222573550      20220216 N B0312    00000000000200            0100000573553105220000000150000         KS160222000000000001275001005220000000022500000000000000000000000000001000063662248115ELILIAN BOMFIM DE OLIVEIRA JUNQUEIRA FRARESEDA                                  00000000000 7982490000000                                                       000005
1AAA            AAA                            222573568      20220216 N B0412    00000000000200            0100000573563006220000000150000         KS160222000000000001275001006220000000022500000000000000000000000000001000063662248115ELILIAN BOMFIM DE OLIVEIRA JUNQUEIRA FRARESEDA                                  00000000000 7982490000000                                                       000006
1AAA            AAA                            222573576      20220216 N B0512    00000000000200            0100000573573107220000000150000         KS160222000000000001275001007220000000022500000000000000000000000000001000063662248115ELILIAN BOMFIM DE OLIVEIRA JUNQUEIRA FRARESEDA                                  00000000000 7982490000000                                                       000007
1AAA            AAA                            222573584      20220216 N B0612    00000000000200            0100000573583108220000000150000         KS160222000000000001275001008220000000022500000000000000000000000000001000063662248115ELILIAN BOMFIM DE OLIVEIRA JUNQUEIRA FRARESEDA                                  00000000000 7982490000000                                                       000008
1AAA            AAA                            222573592      20220216 N B0712    00000000000200            0100000573593009220000000150000         KS160222000000000001275001009220000000022500000000000000000000000000001000063662248115ELILIAN BOMFIM DE OLIVEIRA JUNQUEIRA FRARESEDA                                  00000000000 7982490000000                                                       000009
1AAA            AAA                            222573606      20220216 N B0812    00000000000200            0100000573603110220000000150000         KS160222000000000001275001010220000000022500000000000000000000000000001000063662248115ELILIAN BOMFIM DE OLIVEIRA JUNQUEIRA FRARESEDA                                  00000000000 7982490000000                                                       000010
1AAA            AAA                            222573614      20220216 N B0912    00000000000200            0100000573613011220000000150000         KS160222000000000001275001011220000000022500000000000000000000000000001000063662248115ELILIAN BOMFIM DE OLIVEIRA JUNQUEIRA FRARESEDA                                  00000000000 7982490000000                                                       000011
1AAA            AAA                            222573622      20220216 N B1012    00000000000200            0100000573623112220000000150000         KS160222000000000001275001012220000000022500000000000000000000000000001000063662248115ELILIAN BOMFIM DE OLIVEIRA JUNQUEIRA FRARESEDA                                  00000000000 7982490000000                                                       000012
1AAA            AAA                            232573633      20220216 N B1112    00000000000200            0100000573633101230000000150000         KS160222000000000001275001001230000000022500000000000000000000000000001000063662248115ELILIAN BOMFIM DE OLIVEIRA JUNQUEIRA FRARESEDA                                  00000000000 7982490000000                                                       000013
1AAA            AAA                            222573282      20220216 N B1212    00000000000200            0100000573283103220000000150000         KS160222000000000000975001003220000000052500000000000000000000000000001000008767609147ANNA BEATRIZ AZEVEDO SANTANA            RUA RICARDO FRANCISCO DE OLIVEIRA       00000000000 7982490000000                                                       000014
1AAA            AAA                            222573290      20220216 N B0112    00000000000200            0100000573293004220000000150000         KS160222000000000000975001004220000000052500000000000000000000000000001000008767609147ANNA BEATRIZ AZEVEDO SANTANA            RUA RICARDO FRANCISCO DE OLIVEIRA       00000000000 7982490000000                                                       000015
1AAA            AAA                            222573304      20220216 N B0212    00000000000200            0100000573303105220000000150000         KS160222000000000000975001005220000000052500000000000000000000000000001000008767609147ANNA BEATRIZ AZEVEDO SANTANA            RUA RICARDO FRANCISCO DE OLIVEIRA       00000000000 7982490000000                                                       000016
1AAA            AAA                            222573312      20220216 N B0312    00000000000200            0100000573313006220000000150000         KS160222000000000000975001006220000000052500000000000000000000000000001000008767609147ANNA BEATRIZ AZEVEDO SANTANA            RUA RICARDO FRANCISCO DE OLIVEIRA       00000000000 7982490000000                                                       000017
1AAA            AAA                            222573320      20220216 N B0412    00000000000200            0100000573323107220000000150000         KS160222000000000000975001007220000000052500000000000000000000000000001000008767609147ANNA BEATRIZ AZEVEDO SANTANA            RUA RICARDO FRANCISCO DE OLIVEIRA       00000000000 7982490000000                                                       000018
1AAA            AAA                            222573339      20220216 N B0512    00000000000200            0100000573333108220000000150000         KS160222000000000000975001008220000000052500000000000000000000000000001000008767609147ANNA BEATRIZ AZEVEDO SANTANA            RUA RICARDO FRANCISCO DE OLIVEIRA       00000000000 7982490000000                                                       000019
1AAA            AAA                            222573347      20220216 N B0612    00000000000200            0100000573343009220000000150000         KS160222000000000000975001009220000000052500000000000000000000000000001000008767609147ANNA BEATRIZ AZEVEDO SANTANA            RUA RICARDO FRANCISCO DE OLIVEIRA       00000000000 7982490000000                                                       000020
1AAA            AAA                            222573355      20220216 N B0712    00000000000200            0100000573353110220000000150000         KS160222000000000000975001010220000000052500000000000000000000000000001000008767609147ANNA BEATRIZ AZEVEDO SANTANA            RUA RICARDO FRANCISCO DE OLIVEIRA       00000000000 7982490000000                                                       000021
1AAA            AAA                            222573363      20220216 N B0812    00000000000200            0100000573363011220000000150000         KS160222000000000000975001011220000000052500000000000000000000000000001000008767609147ANNA BEATRIZ AZEVEDO SANTANA            RUA RICARDO FRANCISCO DE OLIVEIRA       00000000000 7982490000000                                                       000022
1AAA            AAA                            222573371      20220216 N B0912    00000000000200            0100000573373112220000000150000         KS160222000000000000975001012220000000052500000000000000000000000000001000008767609147ANNA BEATRIZ AZEVEDO SANTANA            RUA RICARDO FRANCISCO DE OLIVEIRA       00000000000 7982490000000                                                       000023
1AAA            AAA                            232573382      20220216 N B1012    00000000000200            0100000573383101230000000150000         KS160222000000000000975001001230000000052500000000000000000000000000001000008767609147ANNA BEATRIZ AZEVEDO SANTANA            RUA RICARDO FRANCISCO DE OLIVEIRA       00000000000 7982490000000                                                       000024
1AAA            AAA                            232573390      20220216 N B1112    00000000000200            0100000573392802230000000150000         KS160222000000000000975002202230000000052500000000000000000000000000001000008767609147ANNA BEATRIZ AZEVEDO SANTANA            RUA RICARDO FRANCISCO DE OLIVEIRA       00000000000 7982490000000                                                       000025
1AAA            AAA                            222573649      20220216 N B1212    00000000000200            0100000573643103220000000150000         KS160222000000000000750001003220000000075000000000000000000000000000001000007842595186THAIS FERREIRA MORAIS                   IVA MATTOS BRUM                         00000000000 7982490000000                                                       000026
1AAA            AAA                            222573657      20220216 N B0112    00000000000200            0100000573653004220000000150000         KS160222000000000000750001004220000000075000000000000000000000000000001000007842595186THAIS FERREIRA MORAIS                   IVA MATTOS BRUM                         00000000000 7982490000000                                                       000027
1AAA            AAA                            222573665      20220216 N B0212    00000000000200            0100000573663105220000000150000         KS160222000000000000750001005220000000075000000000000000000000000000001000007842595186THAIS FERREIRA MORAIS                   IVA MATTOS BRUM                         00000000000 7982490000000                                                       000028
1AAA            AAA                            222573673      20220216 N B0312    00000000000200            0100000573673006220000000150000         KS160222000000000000750001006220000000075000000000000000000000000000001000007842595186THAIS FERREIRA MORAIS                   IVA MATTOS BRUM                         00000000000 7982490000000                                                       000029
1AAA            AAA                            222573681      20220216 N B0412    00000000000200            0100000573683107220000000150000         KS160222000000000000750001007220000000075000000000000000000000000000001000007842595186THAIS FERREIRA MORAIS                   IVA MATTOS BRUM                         00000000000 7982490000000                                                       000030
1AAA            AAA                            222573690      20220216 N B0512    00000000000200            0100000573693108220000000150000         KS160222000000000000750001008220000000075000000000000000000000000000001000007842595186THAIS FERREIRA MORAIS                   IVA MATTOS BRUM                         00000000000 7982490000000                                                       000031
1AAA            AAA                            222573703      20220216 N B0612    00000000000200            0100000573703009220000000150000         KS160222000000000000750001009220000000075000000000000000000000000000001000007842595186THAIS FERREIRA MORAIS                   IVA MATTOS BRUM                         00000000000 7982490000000                                                       000032
1AAA            AAA                            222573711      20220216 N B0712    00000000000200            0100000573713110220000000150000         KS160222000000000000750001010220000000075000000000000000000000000000001000007842595186THAIS FERREIRA MORAIS                   IVA MATTOS BRUM                         00000000000 7982490000000                                                       000033
1AAA            AAA                            222573720      20220216 N B0812    00000000000200            0100000573723011220000000150000         KS160222000000000000750001011220000000075000000000000000000000000000001000007842595186THAIS FERREIRA MORAIS                   IVA MATTOS BRUM                         00000000000 7982490000000                                                       000034
1AAA            AAA                            222573738      20220216 N B0912    00000000000200            0100000573733112220000000150000         KS160222000000000000750001012220000000075000000000000000000000000000001000007842595186THAIS FERREIRA MORAIS                   IVA MATTOS BRUM                         00000000000 7982490000000                                                       000035
1AAA            AAA                            232573749      20220216 N B1012    00000000000200            0100000573743101230000000150000         KS160222000000000000750001001230000000075000000000000000000000000000001000007842595186THAIS FERREIRA MORAIS                   IVA MATTOS BRUM                         00000000000 7982490000000                                                       000036
1AAA            AAA                            232573757      20220216 N B1112    00000000000200            0100000573752802230000000150000         KS160222000000000000750002202230000000075000000000000000000000000000001000007842595186THAIS FERREIRA MORAIS                   IVA MATTOS BRUM                         00000000000 7982490000000                                                       000037
1AAA            AAA                            222573762      20220216 N B1212    00000000000200            0100000573762802220000000120000         KS160222000000000001080002202220000000012000000000000000000000000000001000078885566200MARIANA AMALIA DE CASTRO SOARES RIBEIRO ALI HASSAN GHADIE                       00000000000 7982490000000                                                       000038
1AAA            AAA                            222573770      20220216 N B0112    00000000000200            0100000573773103220000000120000         KS160222000000000001080001003220000000012000000000000000000000000000001000078885566200MARIANA AMALIA DE CASTRO SOARES RIBEIRO ALI HASSAN GHADIE                       00000000000 7982490000000                                                       000039
1AAA            AAA                            222573789      20220216 N B0212    00000000000200            0100000573783004220000000120000         KS160222000000000001080001004220000000012000000000000000000000000000001000078885566200MARIANA AMALIA DE CASTRO SOARES RIBEIRO ALI HASSAN GHADIE                       00000000000 7982490000000                                                       000040
1AAA            AAA                            222573797      20220216 N B0312    00000000000200            0100000573793105220000000120000         KS160222000000000001080001005220000000012000000000000000000000000000001000078885566200MARIANA AMALIA DE CASTRO SOARES RIBEIRO ALI HASSAN GHADIE                       00000000000 7982490000000                                                       000041
1AAA            AAA                            222573800      20220216 N B0412    00000000000200            0100000573803006220000000120000         KS160222000000000001080001006220000000012000000000000000000000000000001000078885566200MARIANA AMALIA DE CASTRO SOARES RIBEIRO ALI HASSAN GHADIE                       00000000000 7982490000000                                                       000042
1AAA            AAA                            222573819      20220216 N B0512    00000000000200            0100000573813107220000000120000         KS160222000000000001080001007220000000012000000000000000000000000000001000078885566200MARIANA AMALIA DE CASTRO SOARES RIBEIRO ALI HASSAN GHADIE                       00000000000 7982490000000                                                       000043
1AAA            AAA                            222573827      20220216 N B0612    00000000000200            0100000573823108220000000120000         KS160222000000000001080001008220000000012000000000000000000000000000001000078885566200MARIANA AMALIA DE CASTRO SOARES RIBEIRO ALI HASSAN GHADIE                       00000000000 7982490000000                                                       000044
1AAA            AAA                            222573835      20220216 N B0712    00000000000200            0100000573833009220000000120000         KS160222000000000001080001009220000000012000000000000000000000000000001000078885566200MARIANA AMALIA DE CASTRO SOARES RIBEIRO ALI HASSAN GHADIE                       00000000000 7982490000000                                                       000045
1AAA            AAA                            222573843      20220216 N B0812    00000000000200            0100000573843110220000000120000         KS160222000000000001080001010220000000012000000000000000000000000000001000078885566200MARIANA AMALIA DE CASTRO SOARES RIBEIRO ALI HASSAN GHADIE                       00000000000 7982490000000                                                       000046
1AAA            AAA                            222573851      20220216 N B0912    00000000000200            0100000573853011220000000120000         KS160222000000000001080001011220000000012000000000000000000000000000001000078885566200MARIANA AMALIA DE CASTRO SOARES RIBEIRO ALI HASSAN GHADIE                       00000000000 7982490000000                                                       000047
1AAA            AAA                            222573860      20220216 N B1012    00000000000200            0100000573863112220000000120000         KS160222000000000001080001012220000000012000000000000000000000000000001000078885566200MARIANA AMALIA DE CASTRO SOARES RIBEIRO ALI HASSAN GHADIE                       00000000000 7982490000000                                                       000048
1AAA            AAA                            232573870      20220216 N B1112    00000000000200            0100000573873101230000000120000         KS160222000000000001080001001230000000012000000000000000000000000000001000078885566200MARIANA AMALIA DE CASTRO SOARES RIBEIRO ALI HASSAN GHADIE                       00000000000 7982490000000                                                       000049
1AAA            AAA                            222573401      20220216 N B1212    00000000000200            0100000573402802220000000150000         KS160222000000000001425002202220000000007500000000000000000000000000001000006172969102GABRIELI COSTA DA SILVA                 FRANCISCO LEAL DE QUEIROZ               00000000000 7982490000000                                                       000050
1AAA            AAA                            222573410      20220216 N B0112    00000000000200            0100000573413103220000000150000         KS160222000000000001425001003220000000007500000000000000000000000000001000006172969102GABRIELI COSTA DA SILVA                 FRANCISCO LEAL DE QUEIROZ               00000000000 7982490000000                                                       000051
1AAA            AAA                            222573428      20220216 N B0212    00000000000200            0100000573423004220000000150000         KS160222000000000001425001004220000000007500000000000000000000000000001000006172969102GABRIELI COSTA DA SILVA                 FRANCISCO LEAL DE QUEIROZ               00000000000 7982490000000                                                       000052
1AAA            AAA                            222573436      20220216 N B0312    00000000000200            0100000573433105220000000150000         KS160222000000000001425001005220000000007500000000000000000000000000001000006172969102GABRIELI COSTA DA SILVA                 FRANCISCO LEAL DE QUEIROZ               00000000000 7982490000000                                                       000053
1AAA            AAA                            222573444      20220216 N B0412    00000000000200            0100000573443006220000000150000         KS160222000000000001425001006220000000007500000000000000000000000000001000006172969102GABRIELI COSTA DA SILVA                 FRANCISCO LEAL DE QUEIROZ               00000000000 7982490000000                                                       000054
1AAA            AAA                            222573452      20220216 N B0512    00000000000200            0100000573453107220000000150000         KS160222000000000001425001007220000000007500000000000000000000000000001000006172969102GABRIELI COSTA DA SILVA                 FRANCISCO LEAL DE QUEIROZ               00000000000 7982490000000                                                       000055
1AAA            AAA                            222573460      20220216 N B0612    00000000000200            0100000573463108220000000150000         KS160222000000000001425001008220000000007500000000000000000000000000001000006172969102GABRIELI COSTA DA SILVA                 FRANCISCO LEAL DE QUEIROZ               00000000000 7982490000000                                                       000056
1AAA            AAA                            222573479      20220216 N B0712    00000000000200            0100000573473009220000000150000         KS160222000000000001425001009220000000007500000000000000000000000000001000006172969102GABRIELI COSTA DA SILVA                 FRANCISCO LEAL DE QUEIROZ               00000000000 7982490000000                                                       000057
1AAA            AAA                            222573487      20220216 N B0812    00000000000200            0100000573483110220000000150000         KS160222000000000001425001010220000000007500000000000000000000000000001000006172969102GABRIELI COSTA DA SILVA                 FRANCISCO LEAL DE QUEIROZ               00000000000 7982490000000                                                       000058
1AAA            AAA                            222573495      20220216 N B0912    00000000000200            0100000573493011220000000150000         KS160222000000000001425001011220000000007500000000000000000000000000001000006172969102GABRIELI COSTA DA SILVA                 FRANCISCO LEAL DE QUEIROZ               00000000000 7982490000000                                                       000059
1AAA            AAA                            222573509      20220216 N B1012    00000000000200            0100000573503112220000000150000         KS160222000000000001425001012220000000007500000000000000000000000000001000006172969102GABRIELI COSTA DA SILVA                 FRANCISCO LEAL DE QUEIROZ               00000000000 7982490000000                                                       000060
1AAA            AAA                            232573510      20220216 N B1112    00000000000200            0100000573513101230000000150000         KS160222000000000001425001001230000000007500000000000000000000000000001000006172969102GABRIELI COSTA DA SILVA                 FRANCISCO LEAL DE QUEIROZ               00000000000 7982490000000                                                       000061
9174826431                                                                                                                                                                                                                                                                                                                                                                                                000062
