01REMESSA01COBRANCA       2643103361110000177                               748SICREDI        20220217        0001729                                                                                                                                                                                                                                                                                 2.00000001
1AAA            AAA                            222574157      20220217 N B0000    00000000000200            0100000574150103220000000871200         KS170222000000000008712002202220000000000000000000000000000000000000001000085649694168FLORENCE VIEGAS CABRAL SANCHES          PROJETADA 05                            00000000000 7982490000000                                                       000002
9174826431                                                                                                                                                                                                                                                                                                                                                                                                000003
